@misc{worldhealthorganization,
	title  = {the top 10 causes of death},
	note =  "\url{http://www.who.int/news-room/fact-sheets/detail/the-top-10-causes-of-death}",
	year   = "24 may 2018"
}


@misc{matlab,
	title  = "MathWorks",
	note =  "\url{https://nl.mathworks.com/products/matlab.html}"
}

@misc{hsvcolspace,
	title  = "Class ColorSpace",
	note =  "\url{http://isda.ncsa.uiuc.edu/Im2Learn/doc/Colorspace.html}"
}

@misc{imclose,
	title  = "imclose",
	note =  "\url{https://nl.mathworks.com/help/images/ref/imclose.html}"
}